@book{chemana,
  title={Quantitative Chemical Analysis},
  author={Daniel C. Harris},
  year={2010},
  edition={8},
  publisher={{W. H. Freeman and Company}},
  location={China Lake, CA},
  institution={Michelson Laboratory},
  isbn={978-1-4292-1815-3},
}

@book{massspec,
  title={Interpretation of Mass Spectra},
  author={Fred W. McLafferty and Franti\v{s}ek Ture\v{c}ek},
  date={1993-07-22},
  edition={4},
  publisher={University Science Books},
  location={Sausalito, CA},
  isbn={0-935702-25-3},
}

@article{EUhoney,
  title={EU coordinated action to deter certain fraudulent practices in the honey sector},
  author={T. \v{Z}diniakov\'{a} and C. L\"{o}rchner and O. {De Rudder} and T. Dimitrova and G. Kaklamanos and A. Breidbach and A. Respaldize and I.M. {Vaz Silva} and V. Paiano and F. Ulberth and A. Maquet},
  year={2023},
  publisher={Publication Office of the European Union},
  location={Luxembourg, Luxembourg},
  number={KJ-NA-31-461-EN-N},
  issn={1831-9424},
  isbn={978-92-68-01292-5},
  doi={10.2760/184511},
}

@book{basisB,
  title={Basiskemi B},
  author={Helge Mygind and Ole Vesterlund Nielsen and Vibeke Axelsen},
  edition={2},
  year={2022},
  publisher={Praxis Forlag},
  isbn={978-87-29-00749-4},
}

@book{basisA,
  title={Basiskemi A},
  author={Ole Vesterlund Nielsen and Vibeke Axelsen},
  edition={2},
  year={2023},
  publisher={Praxis Forlag},
  isbn={978-87-29-01290-0},
}

@misc{honningbekDA,
  title={Bekendtgørelse om honning},
  shorttitle={Honningbekendtgørelsen},
  date={2015-06-12},
  number={BEK nr 774 af 04/06/2015},
  howpublished={Lovtidende A},
  url={https://www.retsinformation.dk/eli/lta/2015/774},
}

@misc{honningbekEU,
  title={Rådets direktiv 2001/110/EF af 20. december 2001 om honning},
  shorttitle={Direktiv 2001/110/EF},
  number={02001L0110-20140623},
  howpublished={EUR L 10 af 12.1.2002, s. 47},
  url={https://eur-lex.europa.eu/eli/dir/2001/110/2014-06-23},
}

@online{aminoBrit,
  title={amino acid},
  author={Michael K. Reddy},
  date={2024-11-15},
  organization={Encyclopedia Britannica},
  urldate={2024-11-23},
  url={https://www.britannica.com/science/amino-acid},
}

@online{aminoref,
  title={Amino Acids Reference Guide},
  author={{Sigma-Aldrich}},
  urldate={2024-11-24},
  url={https://www.sigmaaldrich.com/DK/en/technical-documents/technical-article/protein-biology/protein-structural-analysis/amino-acid-reference-chart},
}

@online{ptable,
  title={Ptable},
  author={Ptable},
  date={2024-10-03},
  url={https://ptable.com/}
}

@online{aminoname,
  title={Tabel 15. Aminosyrer},
  author={{Dansk kemisk nomenklatur}},
  urldate={2024-11-24},
  url={https://kemisknomenklatur.dk/kap_tab/tabeller/tabel_15.pdf},
}
